
@misc{blinkit_2025,
	title = {Blinkit {Sales} {Dataset}},
	url = {https://www.kaggle.com/datasets/akxiit/blinkit-sales-dataset},
	abstract = {Blinkit Sales Data: Analyzing Trends and Consumer Behavior},
	language = {en},
	urldate = {2025-10-24},
	author = {Vaghasiya, Akshit},
	month = {02},
	year = {2025},
}
